<record xmlns="http://www.loc.gov/MARC21/slim" xmlns:xsi="http://www.w3.org/2001/XMLSchema-instance" xsi:schemaLocation="http://www.loc.gov/MARC21/slim http://www.loc.gov/standards/marcxml/schema/MARC21slim.xsd"><leader>01018nz   2200157n  4500</leader><controlfield tag="001">oca03894525 </controlfield><controlfield tag="005">19950809054742.3</controlfield><controlfield tag="008">950807n| acannaab|          |a aaa     c</controlfield><datafield ind1=" " ind2=" " tag="010"><subfield code="a">nr 95028971 </subfield></datafield><datafield ind1=" " ind2=" " tag="040"><subfield code="a">NNC</subfield><subfield code="c">NNC</subfield></datafield><datafield ind1="1" ind2=" " tag="100"><subfield code="a">Arruntius, L.</subfield><subfield code="q">(Lucius),</subfield><subfield code="d">fl. 43-17 B.C.</subfield></datafield><datafield ind1="1" ind2=" " tag="400"><subfield code="a">Arruntius, Lucius,</subfield><subfield code="d">fl. 43-17 B.C.</subfield></datafield><datafield ind1=" " ind2=" " tag="670"><subfield code="a">Historiae belli punici [CF] 1991:</subfield><subfield code="b">PHI CD ROM #5.3, Latin Canon, bibliographic screen (L. Arruntius)</subfield></datafield><datafield ind1=" " ind2=" " tag="670"><subfield code="a">Pauly-Wissowa:</subfield><subfield code="b">3. Halbb., col. 1262; "Arruntius", #7 (L. Arruntius L.f.L.n.; proscribed in 43 B.C.; commanded Caesar's left wing at Actium; consul, 22 B.C.; mentioned in the Acta ludorum saecularium, 17 B.C.; identified by Velleius and Seneca as being the same L. Arruntius who wrote a history of the Punic War)</subfield></datafield><datafield ind1=" " ind2=" " tag="670"><subfield code="a">Oxford class. dict., 1st ed.:</subfield><subfield code="b">p. 101 (Arruntius, Lucius; proscribed in 43 B.C.; commanded a division of Octavian's fleet at Actium; consul, 22B.C.; took part in the Ludi saeculares, 17 B.C.; wrote a history of the (1st?) Punic War)</subfield></datafield><datafield ind1=" " ind2=" " tag="675"><subfield code="a">NUC pre-56.</subfield></datafield></record>